
@misc{din9241,
author = {Deutsche Institut für Normung e. V.},
title = {DIN EN ISO 9241-220
Ergonomie der Mensch-System-Interaktion - Teil 220},
year = {04.04.2021},
url = {https://www.din.de/de/mitwirken/normenausschuesse/naerg/veroeffentlichungen/wdc-beuth:din21:289443385},
}




%%%%%%%%%%%%%%%%%%%%%%%%
% Bücher
%%%%%%%%%%%%%%%%%%%%%%%%

%@book{Bohner2001,
%  Author = {Bohner, Max and  Fischer, Richard},
%  Title = {Fachkunde Kraftfahrzeugtechnik},
%  Publisher = {VERLAG EUROPA-LEHRMITTEL},
%volume  = {},
%  Year = {2001},
%  ISBN = {3808522399},
% URL = {},
%}



%@Unpublished{texschreiben,
%author = {FH Aachen},
%title = {So geht Schreiben mit Latex},
%note = {interner Bericht},
%}
